[gd_scene load_steps=12 format=2]

[ext_resource path="res://scripts/GameState.gd" type="Script" id=1]
[ext_resource path="res://sfx/click.ogg" type="AudioStream" id=2]
[ext_resource path="res://sfx/barrel.ogg" type="AudioStream" id=3]
[ext_resource path="res://sfx/chew.ogg" type="AudioStream" id=4]
[ext_resource path="res://sfx/coin.ogg" type="AudioStream" id=5]
[ext_resource path="res://sfx/door.ogg" type="AudioStream" id=6]
[ext_resource path="res://sfx/key.ogg" type="AudioStream" id=7]
[ext_resource path="res://sfx/spawn.ogg" type="AudioStream" id=8]
[ext_resource path="res://sfx/sword-clang.ogg" type="AudioStream" id=9]
[ext_resource path="res://sfx/sword-whoosh.ogg" type="AudioStream" id=10]
[ext_resource path="res://sfx/thud.ogg" type="AudioStream" id=11]

[node name="GameState" type="Node"]
pause_mode = 2
script = ExtResource( 1 )
_sections_unfolded = [ "Pause" ]

[node name="Tween" type="Tween" parent="."]
repeat = false
playback_process_mode = 1
playback_speed = 1.0
playback/active = false
playback/repeat = false
playback/speed = 1.0
_sections_unfolded = [ "Pause" ]

[node name="Sounds" type="Node" parent="."]

[node name="Button" type="AudioStreamPlayer" parent="Sounds"]
stream = ExtResource( 2 )
volume_db = 0.0
pitch_scale = 1.0
autoplay = false
stream_paused = false
mix_target = 0
bus = "Master"

[node name="Barrel" type="AudioStreamPlayer3D" parent="Sounds"]
stream = ExtResource( 3 )
attenuation_model = 0
unit_db = 65.0
unit_size = 1.0
max_db = 3.0
pitch_scale = 1.0
autoplay = false
stream_paused = false
max_distance = 0.0
out_of_range_mode = 0
bus = "Game"
area_mask = 1
emission_angle_enabled = false
emission_angle_degrees = 45.0
emission_angle_filter_attenuation_db = -12.0
attenuation_filter_cutoff_hz = 5000.0
attenuation_filter_db = -24.0
doppler_tracking = 0

[node name="Chew" type="AudioStreamPlayer3D" parent="Sounds"]
stream = ExtResource( 4 )
attenuation_model = 0
unit_db = 80.0
unit_size = 1.0
max_db = 3.0
pitch_scale = 1.0
autoplay = false
stream_paused = false
max_distance = 0.0
out_of_range_mode = 0
bus = "Master"
area_mask = 1
emission_angle_enabled = false
emission_angle_degrees = 45.0
emission_angle_filter_attenuation_db = -12.0
attenuation_filter_cutoff_hz = 5000.0
attenuation_filter_db = -24.0
doppler_tracking = 0

[node name="Click" type="AudioStreamPlayer3D" parent="Sounds"]
stream = ExtResource( 2 )
attenuation_model = 0
unit_db = 80.0
unit_size = 1.0
max_db = 3.0
pitch_scale = 1.0
autoplay = false
stream_paused = false
max_distance = 0.0
out_of_range_mode = 0
bus = "Game"
area_mask = 1
emission_angle_enabled = false
emission_angle_degrees = 45.0
emission_angle_filter_attenuation_db = -12.0
attenuation_filter_cutoff_hz = 5000.0
attenuation_filter_db = -24.0
doppler_tracking = 0

[node name="Coin" type="AudioStreamPlayer3D" parent="Sounds"]
stream = ExtResource( 5 )
attenuation_model = 0
unit_db = 80.0
unit_size = 1.0
max_db = 3.0
pitch_scale = 1.0
autoplay = false
stream_paused = false
max_distance = 0.0
out_of_range_mode = 0
bus = "Game"
area_mask = 1
emission_angle_enabled = false
emission_angle_degrees = 45.0
emission_angle_filter_attenuation_db = -12.0
attenuation_filter_cutoff_hz = 5000.0
attenuation_filter_db = -24.0
doppler_tracking = 0

[node name="Door" type="AudioStreamPlayer3D" parent="Sounds"]
stream = ExtResource( 6 )
attenuation_model = 0
unit_db = 80.0
unit_size = 1.0
max_db = 3.0
pitch_scale = 1.0
autoplay = false
stream_paused = false
max_distance = 0.0
out_of_range_mode = 0
bus = "Game"
area_mask = 1
emission_angle_enabled = false
emission_angle_degrees = 45.0
emission_angle_filter_attenuation_db = -12.0
attenuation_filter_cutoff_hz = 5000.0
attenuation_filter_db = -24.0
doppler_tracking = 0

[node name="Key" type="AudioStreamPlayer3D" parent="Sounds"]
stream = ExtResource( 7 )
attenuation_model = 0
unit_db = 80.0
unit_size = 1.0
max_db = 3.0
pitch_scale = 1.0
autoplay = false
stream_paused = false
max_distance = 0.0
out_of_range_mode = 0
bus = "Game"
area_mask = 1
emission_angle_enabled = false
emission_angle_degrees = 45.0
emission_angle_filter_attenuation_db = -12.0
attenuation_filter_cutoff_hz = 5000.0
attenuation_filter_db = -24.0
doppler_tracking = 0

[node name="Spawn" type="AudioStreamPlayer3D" parent="Sounds"]
stream = ExtResource( 8 )
attenuation_model = 0
unit_db = 65.0
unit_size = 0.5
max_db = 3.0
pitch_scale = 1.0
autoplay = false
stream_paused = false
max_distance = 0.0
out_of_range_mode = 0
bus = "Game"
area_mask = 1
emission_angle_enabled = false
emission_angle_degrees = 45.0
emission_angle_filter_attenuation_db = -12.0
attenuation_filter_cutoff_hz = 5000.0
attenuation_filter_db = -24.0
doppler_tracking = 0

[node name="SwordClang" type="AudioStreamPlayer3D" parent="Sounds"]
stream = ExtResource( 9 )
attenuation_model = 0
unit_db = 80.0
unit_size = 1.0
max_db = 3.0
pitch_scale = 1.0
autoplay = false
stream_paused = false
max_distance = 0.0
out_of_range_mode = 0
bus = "Game"
area_mask = 1
emission_angle_enabled = false
emission_angle_degrees = 45.0
emission_angle_filter_attenuation_db = -12.0
attenuation_filter_cutoff_hz = 5000.0
attenuation_filter_db = -24.0
doppler_tracking = 0

[node name="SwordWhoosh" type="AudioStreamPlayer3D" parent="Sounds"]
stream = ExtResource( 10 )
attenuation_model = 0
unit_db = 70.0
unit_size = 1.0
max_db = 3.0
pitch_scale = 1.0
autoplay = false
stream_paused = false
max_distance = 0.0
out_of_range_mode = 0
bus = "Game"
area_mask = 1
emission_angle_enabled = false
emission_angle_degrees = 45.0
emission_angle_filter_attenuation_db = -12.0
attenuation_filter_cutoff_hz = 5000.0
attenuation_filter_db = -24.0
doppler_tracking = 0

[node name="Thud" type="AudioStreamPlayer3D" parent="Sounds"]
stream = ExtResource( 11 )
attenuation_model = 0
unit_db = 80.0
unit_size = 1.0
max_db = 3.0
pitch_scale = 1.0
autoplay = false
stream_paused = false
max_distance = 0.0
out_of_range_mode = 0
bus = "Game"
area_mask = 1
emission_angle_enabled = false
emission_angle_degrees = 45.0
emission_angle_filter_attenuation_db = -12.0
attenuation_filter_cutoff_hz = 5000.0
attenuation_filter_db = -24.0
doppler_tracking = 0

