[gd_scene load_steps=14 format=2]

[ext_resource path="res://scripts/Coin.gd" type="Script" id=1]
[ext_resource path="res://models/coin/model.obj" type="ArrayMesh" id=2]

[sub_resource type="PhysicsMaterial" id=1]

friction = 20.0
rough = false
bounce = 0.0
absorbent = false

[sub_resource type="SpatialMaterial" id=2]

render_priority = 0
flags_transparent = false
flags_unshaded = false
flags_vertex_lighting = false
flags_no_depth_test = false
flags_use_point_size = false
flags_world_triplanar = false
flags_fixed_size = false
flags_albedo_tex_force_srgb = false
flags_do_not_receive_shadows = false
flags_disable_ambient_light = false
flags_ensure_correct_normals = false
vertex_color_use_as_albedo = false
vertex_color_is_srgb = false
params_diffuse_mode = 0
params_specular_mode = 0
params_blend_mode = 0
params_cull_mode = 0
params_depth_draw_mode = 0
params_line_width = 1.0
params_point_size = 1.0
params_billboard_mode = 0
params_billboard_keep_scale = false
params_grow = false
params_use_alpha_scissor = false
albedo_color = Color( 0.898039, 0.898039, 0.898039, 1 )
metallic = 1.0
metallic_specular = 0.7
metallic_texture_channel = 0
roughness = 0.5
roughness_texture_channel = 0
emission_enabled = false
normal_enabled = false
rim_enabled = false
clearcoat_enabled = false
anisotropy_enabled = false
ao_enabled = false
depth_enabled = false
subsurf_scatter_enabled = false
transmission_enabled = false
refraction_enabled = false
detail_enabled = false
uv1_scale = Vector3( 1, 1, 1 )
uv1_offset = Vector3( 0, 0, 0 )
uv1_triplanar = false
uv1_triplanar_sharpness = 1.0
uv2_scale = Vector3( 1, 1, 1 )
uv2_offset = Vector3( 0, 0, 0 )
uv2_triplanar = false
uv2_triplanar_sharpness = 1.0
proximity_fade_enable = false
distance_fade_mode = 0
_sections_unfolded = [ "Albedo", "Metallic", "Roughness" ]

[sub_resource type="CylinderShape" id=3]

margin = 0.04
radius = 0.506257
height = 0.992239

[sub_resource type="RayShape" id=4]

margin = 0.04
length = 1.0
slips_on_slope = false

[sub_resource type="Gradient" id=5]

offsets = PoolRealArray( 0, 1 )
colors = PoolColorArray( 1, 1, 1, 1, 1, 1, 1, 0 )

[sub_resource type="GradientTexture" id=6]

flags = 4
gradient = SubResource( 5 )
width = 2048
_sections_unfolded = [ "gradient" ]

[sub_resource type="ImageTexture" id=7]

flags = 4
storage = 0
lossy_quality = 0.7
flags = 4
size = Vector2( 2048, 1 )

[sub_resource type="ImageTexture" id=8]

flags = 4
storage = 0
lossy_quality = 0.7
flags = 4
size = Vector2( 2048, 1 )
_sections_unfolded = [ "image" ]

[sub_resource type="ParticlesMaterial" id=9]

render_priority = 0
trail_divisor = 1
emission_shape = 4
emission_point_texture = SubResource( 8 )
emission_normal_texture = SubResource( 7 )
emission_point_count = 32
flag_align_y = false
flag_rotate_y = false
flag_disable_z = false
spread = 45.0
flatness = 0.0
gravity = Vector3( 0, -1.1, 0 )
initial_velocity = 1.7
initial_velocity_random = 0.0
angular_velocity = 3.0
angular_velocity_random = 0.0
linear_accel = 0.0
linear_accel_random = 0.0
radial_accel = 0.0
radial_accel_random = 0.0
tangential_accel = 0.0
tangential_accel_random = 0.0
damping = 1.0
damping_random = 0.0
angle = 0.0
angle_random = 0.0
scale = 1.0
scale_random = 0.0
color_ramp = SubResource( 6 )
hue_variation = 1.0
hue_variation_random = 0.03
anim_speed = 0.0
anim_speed_random = 0.0
anim_offset = 0.0
anim_offset_random = 0.0
anim_loop = false
_sections_unfolded = [ "Angular Velocity", "Color", "Damping", "Gravity", "Hue Variation", "Initial Velocity", "Linear Accel", "emission_normal_texture", "trail_color_modifier" ]

[sub_resource type="SpatialMaterial" id=10]

render_priority = 0
flags_transparent = true
flags_unshaded = false
flags_vertex_lighting = true
flags_no_depth_test = false
flags_use_point_size = false
flags_world_triplanar = false
flags_fixed_size = false
flags_albedo_tex_force_srgb = false
flags_do_not_receive_shadows = false
flags_disable_ambient_light = false
flags_ensure_correct_normals = false
vertex_color_use_as_albedo = true
vertex_color_is_srgb = false
params_diffuse_mode = 0
params_specular_mode = 0
params_blend_mode = 0
params_cull_mode = 0
params_depth_draw_mode = 0
params_line_width = 1.0
params_point_size = 1.0
params_billboard_mode = 3
params_billboard_keep_scale = false
params_grow = false
params_use_alpha_scissor = false
particles_anim_h_frames = 1
particles_anim_v_frames = 1
particles_anim_loop = 0
albedo_color = Color( 0.580392, 0.580392, 0.580392, 1 )
metallic = 0.0
metallic_specular = 1.0
metallic_texture_channel = 0
roughness = 1.0
roughness_texture_channel = 0
emission_enabled = false
normal_enabled = false
rim_enabled = false
clearcoat_enabled = false
anisotropy_enabled = false
ao_enabled = false
depth_enabled = false
subsurf_scatter_enabled = false
transmission_enabled = false
refraction_enabled = false
detail_enabled = false
uv1_scale = Vector3( 1, 1, 1 )
uv1_offset = Vector3( 0, 0, 0 )
uv1_triplanar = false
uv1_triplanar_sharpness = 1.0
uv2_scale = Vector3( 1, 1, 1 )
uv2_offset = Vector3( 0, 0, 0 )
uv2_triplanar = false
uv2_triplanar_sharpness = 1.0
proximity_fade_enable = false
distance_fade_mode = 0
_sections_unfolded = [ "Albedo", "Flags", "Metallic", "Parameters", "Particles Anim", "Roughness", "Vertex Color", "albedo_texture" ]

[sub_resource type="QuadMesh" id=11]

material = SubResource( 10 )
custom_aabb = AABB( 0, 0, 0, 0, 0, 0 )
flip_faces = false
size = Vector2( 0.1, 0.1 )

[node name="Coin" type="RigidBody"]
input_ray_pickable = false
input_capture_on_drag = false
collision_layer = 0
collision_mask = 210
mode = 2
mass = 0.510204
physics_material_override = SubResource( 1 )
gravity_scale = 15.0
custom_integrator = false
continuous_cd = false
contacts_reported = 0
contact_monitor = false
sleeping = false
can_sleep = true
axis_lock_linear_x = false
axis_lock_linear_y = false
axis_lock_linear_z = false
axis_lock_angular_x = false
axis_lock_angular_y = false
axis_lock_angular_z = false
linear_velocity = Vector3( 0, 0, 0 )
linear_damp = -1.0
angular_velocity = Vector3( 0, 0, 0 )
angular_damp = -1.0
script = ExtResource( 1 )
_sections_unfolded = [ "Collision", "physics_material_override" ]

[node name="MeshInstance" type="MeshInstance" parent="."]
transform = Transform( 1, 0, 0, 0, 1, 0, 0, 0, 1, 0, 1, 0 )
layers = 1
material_override = null
cast_shadow = 1
extra_cull_margin = 0.0
use_in_baked_light = false
lod_min_distance = 0.0
lod_min_hysteresis = 0.0
lod_max_distance = 0.0
lod_max_hysteresis = 0.0
mesh = ExtResource( 2 )
skeleton = NodePath("..")
material/0 = SubResource( 2 )
_sections_unfolded = [ "Geometry", "material" ]

[node name="CollisionShape" type="CollisionShape" parent="."]
transform = Transform( 1, 0, 0, 0, 1, 0, 0, 0, 1, 0, 1, 0 )
shape = SubResource( 3 )
disabled = false

[node name="CollisionShape2" type="CollisionShape" parent="."]
transform = Transform( 1, 0, 0, 0, -1.62921e-07, -1, 0, 1, -1.62921e-07, 0, 1, 0 )
shape = SubResource( 4 )
disabled = false
_sections_unfolded = [ "Transform" ]

[node name="Particles" type="Particles" parent="."]
layers = 1
material_override = null
cast_shadow = 1
extra_cull_margin = 0.0
use_in_baked_light = false
lod_min_distance = 0.0
lod_min_hysteresis = 0.0
lod_max_distance = 0.0
lod_max_hysteresis = 0.0
emitting = false
amount = 16
lifetime = 0.6
one_shot = true
preprocess = 0.0
speed_scale = 1.0
explosiveness = 1.0
randomness = 0.0
fixed_fps = 0
fract_delta = true
visibility_aabb = AABB( -1.42359, -0.820123, -1.17441, 2.84719, 3.06603, 2.34882 )
local_coords = true
draw_order = 0
process_material = SubResource( 9 )
draw_passes = 1
draw_pass_1 = SubResource( 11 )
_sections_unfolded = [ "Draw Passes", "Drawing", "Process Material", "Time", "Transform" ]

