[gd_scene load_steps=11 format=2]

[ext_resource path="res://textures/particle.png" type="Texture" id=1]

[sub_resource type="Gradient" id=1]

offsets = PoolRealArray( 0.109705, 0.57384, 1 )
colors = PoolColorArray( 1, 0.960938, 0, 1, 1, 0, 0, 1, 0.28125, 0, 0, 1 )

[sub_resource type="GradientTexture" id=2]

flags = 4
gradient = SubResource( 1 )
width = 2048
_sections_unfolded = [ "Flags", "gradient" ]

[sub_resource type="Curve" id=3]

min_value = 0.0
max_value = 1.0
bake_resolution = 100
_data = [ Vector2( 0, 1 ), 0.0, 0.0, 0, 0, Vector2( 0.998264, 0.441667 ), -1.53, 0.0, 0, 0 ]

[sub_resource type="CurveTexture" id=4]

flags = 4
width = 2048
curve = SubResource( 3 )
_sections_unfolded = [ "curve" ]

[sub_resource type="Gradient" id=5]

offsets = PoolRealArray( 0, 1 )
colors = PoolColorArray( 1, 0.960938, 0, 1, 1, 0, 0, 1 )

[sub_resource type="GradientTexture" id=6]

flags = 4
gradient = SubResource( 5 )
width = 2048
_sections_unfolded = [ "gradient" ]

[sub_resource type="ParticlesMaterial" id=7]

render_priority = 0
trail_divisor = 1
trail_color_modifier = SubResource( 6 )
emission_shape = 1
emission_sphere_radius = 1.0
flag_align_y = false
flag_rotate_y = false
flag_disable_z = false
spread = 21.8
flatness = 0.0
gravity = Vector3( 0, -1.2, 0 )
initial_velocity = 2.0
initial_velocity_random = 0.0
angular_velocity = 0.0
angular_velocity_random = 0.0
linear_accel = 0.0
linear_accel_random = 0.0
radial_accel = 0.0
radial_accel_random = 0.0
tangential_accel = 0.2
tangential_accel_random = 0.1
damping = 0.0
damping_random = 0.0
angle = 0.0
angle_random = 0.0
scale = 3.0
scale_random = 1.0
scale_curve = SubResource( 4 )
color_ramp = SubResource( 2 )
hue_variation = 0.1
hue_variation_random = 0.38
anim_speed = 0.0
anim_speed_random = 0.0
anim_offset = 0.0
anim_offset_random = 0.0
anim_loop = false
_sections_unfolded = [ "Scale", "scale_curve" ]

[sub_resource type="SpatialMaterial" id=8]

render_priority = 0
flags_transparent = true
flags_unshaded = true
flags_vertex_lighting = false
flags_no_depth_test = false
flags_use_point_size = false
flags_world_triplanar = false
flags_fixed_size = false
flags_albedo_tex_force_srgb = false
flags_do_not_receive_shadows = false
flags_disable_ambient_light = false
flags_ensure_correct_normals = false
vertex_color_use_as_albedo = true
vertex_color_is_srgb = false
params_diffuse_mode = 0
params_specular_mode = 0
params_blend_mode = 0
params_cull_mode = 1
params_depth_draw_mode = 0
params_line_width = 1.0
params_point_size = 1.0
params_billboard_mode = 3
params_billboard_keep_scale = true
params_grow = false
params_use_alpha_scissor = false
particles_anim_h_frames = 1
particles_anim_v_frames = 1
particles_anim_loop = 0
albedo_color = Color( 1, 0.447059, 0, 1 )
albedo_texture = ExtResource( 1 )
metallic = 0.0
metallic_specular = 0.5
metallic_texture_channel = 0
roughness = 1.0
roughness_texture_channel = 0
emission_enabled = false
normal_enabled = false
rim_enabled = false
clearcoat_enabled = false
anisotropy_enabled = false
ao_enabled = false
depth_enabled = false
subsurf_scatter_enabled = false
transmission_enabled = false
refraction_enabled = false
detail_enabled = false
uv1_scale = Vector3( 1, 1, 1 )
uv1_offset = Vector3( 0, 0, 0 )
uv1_triplanar = false
uv1_triplanar_sharpness = 1.0
uv2_scale = Vector3( 1, 1, 1 )
uv2_offset = Vector3( 0, 0, 0 )
uv2_triplanar = false
uv2_triplanar_sharpness = 1.0
proximity_fade_enable = false
distance_fade_mode = 0
_sections_unfolded = [ "Flags", "Parameters" ]

[sub_resource type="QuadMesh" id=9]

material = SubResource( 8 )
custom_aabb = AABB( 0, 0, 0, 0, 0, 0 )
flip_faces = false
size = Vector2( -0.1, 0.1 )

[node name="Particles" type="Particles"]
transform = Transform( 0.4, -1.20797e-07, -2.94887e-11, -4.69185e-11, -0.000310727, 0.636426, -1.20797e-07, -0.4, -0.000195295, 0, 0.778137, 0 )
layers = 1
material_override = null
cast_shadow = 1
extra_cull_margin = 0.0
use_in_baked_light = false
lod_min_distance = 0.0
lod_min_hysteresis = 0.0
lod_max_distance = 0.0
lod_max_hysteresis = 0.0
emitting = true
amount = 100
lifetime = 0.4
one_shot = false
preprocess = 0.0
speed_scale = 1.0
explosiveness = 0.1
randomness = 1.0
fixed_fps = 0
fract_delta = true
visibility_aabb = AABB( -1.30807, -1.32704, -1.08588, 2.61918, 2.59825, 2.77196 )
local_coords = false
draw_order = 0
process_material = SubResource( 7 )
draw_passes = 1
draw_pass_1 = SubResource( 9 )
_sections_unfolded = [ "Draw Passes", "Drawing", "Matrix", "Process Material", "Time", "Transform" ]

